@article{kuffler1974jon,
author  = "Damien P. Kuffler and Kenneth J. Muller",
title   = "The properties and connections of supernumerary sensory and motor nerve cells in the central nervous system of an abnormal leech",
journal = "Journal of Neurobiology",
year    = "1974",
number = "4",
volume = "5",
pages = "331-348"
}

@article{perrotta2021neuroscience,
title = "Deciphering sounds through patterns of vibration on the skin",
journal = "Neuroscience",
year = "2021",
author = "Michael V. Perrotta and Thorhildur Asgeirsdottir and David M. Eagleman",
keywords = "Sensory substitution, Haptics, Sound identification, Hearing loss, Deafness"
}

@article{shin2017neuron,
title = "Flexible Near-Field Wireless Optoelectronics as Subdermal Implants for Broad Applications in Optogenetics",
journal = "Neuron",
volume = "93",
number = "3",
pages = "509 - 521.e3",
year = "2017",
issn = "0896-6273",
doi = "https://doi.org/10.1016/j.neuron.2016.12.031",
url = "http://www.sciencedirect.com/science/article/pii/S0896627316310042",
author = "Gunchul Shin and Adrian M. Gomez and Ream Al-Hasani and Yu Ra Jeong and Jeonghyun Kim and Zhaoqian Xie and Anthony Banks and Seung Min Lee and Sang Youn Han and Chul Jong Yoo and Jong-Lam Lee and Seung Hee Lee and Jonas Kurniawan and Jacob Tureb and Zhongzhu Guo and Jangyeol Yoon and Sung-Il Park and Sang Yun Bang and Yoonho Nam and Marie C. Walicki and Vijay K. Samineni and Aaron D. Mickle and Kunhyuk Lee and Seung Yun Heo and Jordan G. McCall and Taisong Pan and Liang Wang and Xue Feng and Tae-il Kim and Jong Kyu Kim and Yuhang Li and Yonggang Huang and Robert W. Gereau and Jeong Sook Ha and Michael R. Bruchas and John A. Rogers",
keywords = "wireless, optogenetics, near-field communication, LED, VTA, NAc, ChR2, Chrimson, dopamine, reward"
}

@article{montgomery2015nm,
title = "Wirelessly powered, fully internal optogenetics for brain, spinal and peripheral circuits in mice",
author = "Montgomery, Kate L and Yeh, Alexander J and Ho, John S and Tsao, Vivien and Mohan Iyer, Shrivats and Grosenick, Logan and Ferenczi, Emily A and Tanabe, Yuji and Deisseroth, Karl and Delp, Scott L and Poon, Ada S Y",
doi = "10.1038/nmeth.3536",
number = "10",
volume = "12",
month = "October",
year = "2015",
journal = "Nature methods",
pages = "969-974"
}

@article{chan2012lnecs,
author = "Chan, Alan and Ng, Annie",
year = "2012",
month = "03",
pages = "1449-1454",
title = "Finger Response Times to Visual, Auditory and Tactile Modality Stimuli",
volume = "2196",
journal = "Lecture Notes in Engineering and Computer Science"
}

@article{salminger2019sr,
author = "Salminger, S. and Sturma, A. and Hofer, C. and Evangelista, M. and Perrin, M. and Bergmeister, K. D. and Roche, A. D. and Hasenoehrl, T. and Dietl, H. and Farina, D. and Aszmann, O. C.",
title = "Long-term implant of intramuscular sensors and nerve transfers for wireless control of robotic arms in above-elbow amputees",
volume = "4",
number = "32",
year = "2019",
doi = "10.1126/scirobotics.aaw6306",
journal = "Science Robotics"
}

@article{johnson2001con,
title = "The roles and functions of cutaneous mechanoreceptors",
journal = "Current Opinion in Neurobiology",
volume = "11",
number = "4",
pages = "455 - 461",
year = "2001",
issn = "0959-4388",
doi = "https://doi.org/10.1016/S0959-4388(00)00234-8",
author = "Kenneth O Johnson",
keywords = "tactile, receptor, cutaneous, somatosensory, neurophysiology, psychophysics"
}

@inproceedings{hameed2010ieee,
author = "J. Hameed and I. Harrison and M. N. Gasson and K. Warwick",
booktitle = "IEEE International Conference on Cybernetic Intelligent Systems", 
title = "A novel human-machine interface using subdermal magnetic implants", 
year = "2010",
pages = "1-5",
month = "September"
}

@article{harrison2018tf,
author = "Ian Harrison and Kevin Warwick and Virginie Ruiz",
title = "Subdermal Magnetic Implants: An Experimental Study",
journal = "Cybernetics and Systems",
volume = "49",
number = "2",
pages = "122-150",
year  = "2018",
publisher = "Taylor \& Francis",
doi = "10.1080/01969722.2018.1448223",
}

@mastersthesis{harrison2014thesis,
title = "Sensory enhancement, a pilot perceptual study of subdermal magnetic implants",
author = "Ian Harrison",
year  = "2014",
school = "School of Systems Engineering"
}

@book{jebari2015book,
title = "Handbook of Neuroethics",
year = "2015"
}

@article{deroy2012fp,
author = "Deroy, Ophelia and Auvray, Malika",    
title = "Reading the World through the Skin and Ears: A New Perspective on Sensory Substitution",      
journal = "Frontiers in Psychology",      
volume = "3",     
pages = "457",     
year = "2012",        
doi = "10.3389/fpsyg.2012.00457"
}

@article{benali2004isr,
title = "Tactile interfaces: a state-ofthe-art survey",
journal = "Information Systems Research - ISR",
author = "M. Benali-Khoudja and M. Hafez and J. Alexandre and A. Kheddar",
year = "2004"
}

@article{kaezmarek1991tbe,
author = "K. A. Kaczmarek and J. G. Webster and P. Bach-y-Rita and W. J. Tompkins",
journal = "IEEE Transactions on Biomedical Engineering", 
title = "Electrotactile and vibrotactile displays for sensory substitution systems", 
year = "1991",
volume = "38",
number = "1",
pages = "1-16",
doi = "10.1109/10.6820"
}

@inproceedings{mtsubayashi2019chi,
author = "Matsubayashi, Atsushi and Makino, Yasutoshi and Shinoda, Hiroyuki",
title = "Direct Finger Manipulation of 3D Object Image with Ultrasound Haptic Feedback",
year = "2019",
isbn = "9781450359702",
publisher = "Association for Computing Machinery",
address = "New York, NY, USA",
url = "https://doi.org/10.1145/3290605.3300317",
doi = "10.1145/3290605.3300317",
pages = "1–11",
numpages = "11",
keywords = "touch/haptic/pointing/gesture, virtual/augmented reality",
location = "Glasgow, Scotland Uk",
series = "CHI '19"
}

@inproceedings{freeman2017acm,
author = "Freeman, Euan and Anderson, Ross and Williamson, Julie and Wilson, Graham and Brewster, Stephen A.",
title = "Textured Surfaces for Ultrasound Haptic Displays",
year = "2017",
isbn = "9781450355438",
publisher = "Association for Computing Machinery",
address = "New York, NY, USA",
url = "https://doi.org/10.1145/3136755.3143020",
doi = "10.1145/3136755.3143020",
booktitle = "Proceedings of the 19th ACM International Conference on Multimodal Interaction",
pages = "491–492",
numpages = "2",
keywords = "Ultrasound Haptics, Mid-Air Haptics, Haptic Rendering",
location = "Glasgow, UK",
series = "ICMI '17"
}

@article{long2014acm,
author = "Long, Benjamin and Seah, Sue Ann and Carter, Tom and Subramanian, Sriram",
title = "Rendering Volumetric Haptic Shapes in Mid-Air Using Ultrasound",
year = "2014",
issue_date = "November 2014",
publisher = "Association for Computing Machinery",
address = "New York, NY, USA",
volume = "33",
number = "6",
issn = "0730-0301",
url = "https://doi.org/10.1145/2661229.2661257",
doi = "10.1145/2661229.2661257",
journal = "ACM Trans. Graph.",
month = "nov",
articleno = "181",
numpages = "10",
keywords = "acoustic radiation forces, 3D haptic shapes, tactile displays"
}

@inproceedings{carter2013uist,
author = "Carter, Tom and Seah, Sue Ann and Long, Benjamin and Drinkwater, Bruce and Subramanian, Sriram",
title = "UltraHaptics: Multi-Point Mid-Air Haptic Feedback for Touch Surfaces",
year = "2013",
isbn = "9781450322683",
publisher = "Association for Computing Machinery",
address = "New York, NY, USA",
url = "https://doi.org/10.1145/2501988.2502018",
doi = "10.1145/2501988.2502018",
booktitle = "Proceedings of the 26th Annual ACM Symposium on User Interface Software and Technology",
pages = "505–514",
numpages = "10",
keywords = "haptic feedback, touch screens, interactive tabletops",
location = "St. Andrews, Scotland, United Kingdom",
series = "UIST '13"
}

@inproceedings{arafsha2015book,
author = "F. Arafsha and L. Zhang and H. Dong and A. E. Saddik",
booktitle = "2015 IEEE International Symposium on Haptic, Audio and Visual Environments and Games (HAVE)", 
title = "Contactless haptic feedback: state of the art", 
year = "2015",
pages = "1-6",
doi = "10.1109/HAVE.2015.7359447"
}

@article{sasia2014acm,
author = "Long, Benjamin and Seah, Sue Ann and Carter, Tom and Subramanian, Sriram",
title = "Rendering Volumetric Haptic Shapes in Mid-Air Using Ultrasound",
year = "2014",
issue_date = "November 2014",
publisher = "Association for Computing Machinery",
address = "New York, NY, USA",
volume = "33",
number = "6",
url = "https://doi.org/10.1145/2661229.2661257",
doi = "10.1145/2661229.2661257",
journal = "ACM Trans. Graph.",
month = "nov",
numpages = "10",
keywords = "acoustic radiation forces, tactile displays, 3D haptic shapes"
}


@article{zhang2016ieee,
author = "Q. Zhang and H. Dong and A. El Saddik",
journal = "IEEE Access", 
title = "Magnetic Field Control for Haptic Display: System Design and Simulation", 
year = "2016",
volume = "4",
pages = "299-311",
doi= "10.1109/ACCESS.2016.2514978"
}

@article{salemi2019acm,
author = "Parizi, Farshid Salemi and Whitmire, Eric and Patel, Shwetak",
title = "AuraRing: Precise Electromagnetic Finger Tracking",
year = "2019",
issue_date = "December 2019",
publisher = "Association for Computing Machinery",
address = "New York, NY, USA",
volume = "3",
number = "4",
url = "https://doi.org/10.1145/3369831",
doi = "10.1145/3369831",
journal = "Proc. ACM Interact. Mob. Wearable Ubiquitous Technol.",
month = "dec",
articleno = "150",
numpages = "28",
keywords = "mixed reality, Input, Wearable, Additional Key Words and Phrases, finger tracking, Electromagnetic tracking"
}

@article{ma2011ieee,
author = "Y. Ma and Z. Mao and W. Jia and C. Li and J. Yang and M. Sun",
journal = "IEEE Transactions on Magnetics", 
title = "Magnetic Hand Tracking for Human-Computer Interface", 
year = "2011",
volume = "47",
number = "5",
pages = "970-973",
doi = "10.1109/TMAG.2010.2076401"
}

@article{schlageter2001sa,
title = "Tracking system with five degrees of freedom using a 2D-array of Hall sensors and a permanent magnet",
journal = "Sensors and Actuators A: Physical",
volume = "92",
number = "1",
pages = "37-42",
year = "2001",
note = "Selected Papers for Eurosensors XIV",
issn = "0924-4247",
doi = "https://doi.org/10.1016/S0924-4247(01)00537-4",
url = "https://www.sciencedirect.com/science/article/pii/S0924424701005374",
author = "V. Schlageter and P.-A. Besse and R.S. Popovic and P. Kucera",
keywords = "Tracking, Hall, Sensors array, Magnetic detection, Non-destructive evaluation"
}

@book{fougues2020book,
author = "Axel Fougues", 
title = "Getting to know the magnet inside you.: A guide to magnetic implants",
publisher = "Self published",
year = "2020",
url = "https://play.google.com/store/books/details?id=y07bDwAAQBAJ"
}

@article{duarte2014ne,
author = "Duarte, Bárbara",
year = "2014",
month = "12",
pages = "275-285",
title = "Entangled Agencies: New Individual Practices of Human-Technology Hybridism Through Body Hacking",
volume = "8",
journal = "NanoEthics",
doi = "10.1007/s11569-014-0204-z"
}

@article{bensmaia2003smr,
author = "Sliman J. Bensmaïa and Mark Hollins",
year = "2003",
title = "The vibrations of texture.",
journal = "Somatosens Mot Res.",
doi = "10.1080/0899022031000083825"
}